[
  {
    "Store_ID": "1",
    "Store_Name": "Electro Mart",
    "Year": 2015,
    "Quarter": 1,
    "Quarter_Label": "Q1-2015",
    "Quarterly_Sales": 253146.39,
    "Quarterly_Quantity": 6374.0,
    "Total_Transactions": 3178,
    "Unique_Customers": 1981,
    "Avg_Transaction_Value": 79.655881
  },
  {
    "Store_ID": "1",
    "Store_Name": "Electro Mart",
    "Year": 2015,
    "Quarter": 2,
    "Quarter_Label": "Q2-2015",
    "Quarterly_Sales": 252884.22,
    "Quarterly_Quantity": 6363.0,
    "Total_Transactions": 3187,
    "Unique_Customers": 1964,
    "Avg_Transaction_Value": 79.348673
  },
  {
    "Store_ID": "1",
    "Store_Name": "Electro Mart",
    "Year": 2015,
    "Quarter": 3,
    "Quarter_Label": "Q3-2015",
    "Quarterly_Sales": 260747.01,
    "Quarterly_Quantity": 6376.0,
    "Total_Transactions": 3169,
    "Unique_Customers": 1993,
    "Avg_Transaction_Value": 82.280533
  },
  {
    "Store_ID": "1",
    "Store_Name": "Electro Mart",
    "Year": 2015,
    "Quarter": 4,
    "Quarter_Label": "Q4-2015",
    "Quarterly_Sales": 265966.55,
    "Quarterly_Quantity": 6438.0,
    "Total_Transactions": 3229,
    "Unique_Customers": 2018,
    "Avg_Transaction_Value": 82.368086
  },
  {
    "Store_ID": "1",
    "Store_Name": "Electro Mart",
    "Year": 2016,
    "Quarter": 1,
    "Quarter_Label": "Q1-2016",
    "Quarterly_Sales": 257007.6,
    "Quarterly_Quantity": 6387.0,
    "Total_Transactions": 3224,
    "Unique_Customers": 1997,
    "Avg_Transaction_Value": 79.716998
  },
  {
    "Store_ID": "1",
    "Store_Name": "Electro Mart",
    "Year": 2016,
    "Quarter": 2,
    "Quarter_Label": "Q2-2016",
    "Quarterly_Sales": 256755.96,
    "Quarterly_Quantity": 6355.0,
    "Total_Transactions": 3180,
    "Unique_Customers": 1969,
    "Avg_Transaction_Value": 80.740868
  },
  {
    "Store_ID": "1",
    "Store_Name": "Electro Mart",
    "Year": 2016,
    "Quarter": 3,
    "Quarter_Label": "Q3-2016",
    "Quarterly_Sales": 264720.63,
    "Quarterly_Quantity": 6403.0,
    "Total_Transactions": 3235,
    "Unique_Customers": 2009,
    "Avg_Transaction_Value": 81.830179
  },
  {
    "Store_ID": "1",
    "Store_Name": "Electro Mart",
    "Year": 2016,
    "Quarter": 4,
    "Quarter_Label": "Q4-2016",
    "Quarterly_Sales": 258873.43,
    "Quarterly_Quantity": 6372.0,
    "Total_Transactions": 3177,
    "Unique_Customers": 1946,
    "Avg_Transaction_Value": 81.48361
  },
  {
    "Store_ID": "1",
    "Store_Name": "Electro Mart",
    "Year": 2017,
    "Quarter": 1,
    "Quarter_Label": "Q1-2017",
    "Quarterly_Sales": 266109.81,
    "Quarterly_Quantity": 6592.0,
    "Total_Transactions": 3248,
    "Unique_Customers": 1992,
    "Avg_Transaction_Value": 81.93036
  },
  {
    "Store_ID": "1",
    "Store_Name": "Electro Mart",
    "Year": 2017,
    "Quarter": 2,
    "Quarter_Label": "Q2-2017",
    "Quarterly_Sales": 252927.52,
    "Quarterly_Quantity": 6221.0,
    "Total_Transactions": 3125,
    "Unique_Customers": 1949,
    "Avg_Transaction_Value": 80.936806
  }
]